<record><leader>00000cas a22000007a 4500</leader><controlfield tag="001">16619511</controlfield><controlfield tag="008">870831d18911902ohuwr ne      0    0eng d</controlfield><datafield ind1=" " ind2=" " tag="010"><subfield code="a">sn 87076589 </subfield></datafield><datafield ind1=" " ind2=" " tag="040"><subfield code="a">ONP</subfield><subfield code="b">eng</subfield><subfield code="c">ONP</subfield><subfield code="d">OCLCQ</subfield></datafield><datafield ind1=" " ind2=" " tag="042"><subfield code="a">msc</subfield></datafield><datafield ind1="0" ind2=" " tag="130"><subfield code="a">Journal (Spencerville, Ohio)</subfield></datafield><datafield ind1="1" ind2="4" tag="245"><subfield code="a">The Journal.</subfield></datafield><datafield ind1=" " ind2=" " tag="260"><subfield code="a">Spencerville, Ohio :</subfield><subfield code="b">Journal Print. Co.,</subfield><subfield code="c">1891-</subfield></datafield><datafield ind1=" " ind2=" " tag="300"><subfield code="a">v.</subfield></datafield><datafield ind1=" " ind2=" " tag="310"><subfield code="a">Weekly</subfield></datafield><datafield ind1="0" ind2=" " tag="362"><subfield code="a">Vol. 12, no. 47 (June 4, 1891)-</subfield></datafield><datafield ind1="1" ind2=" " tag="362"><subfield code="a">Ceased in 1902.</subfield></datafield><datafield ind1=" " ind2="4" tag="651"><subfield code="a">Spencerville (Ohio)</subfield><subfield code="v">Newspapers.</subfield></datafield><datafield ind1=" " ind2="4" tag="651"><subfield code="a">Allen County (Ohio)</subfield><subfield code="v">Newspapers.</subfield></datafield><datafield ind1=" " ind2=" " tag="752"><subfield code="a">United States</subfield><subfield code="b">Ohio</subfield><subfield code="c">Allen</subfield><subfield code="d">Spencerville.</subfield></datafield><datafield ind1="0" ind2="0" tag="780"><subfield code="t">Spencerville journal</subfield><subfield code="w">(DLC)sn 87076588</subfield></datafield><datafield ind1="0" ind2="7" tag="785"><subfield code="t">Spencerville news (Spencerville, Ohio)</subfield><subfield code="w">(DLC)sn 87076586</subfield></datafield><datafield ind1="0" ind2="7" tag="785"><subfield code="t">Spencerville journal-news</subfield><subfield code="w">(DLC)sn 87076590</subfield></datafield><datafield ind1="1" ind2=" " tag="029"><subfield code="a">AU@</subfield><subfield code="b">000025800981</subfield></datafield></record>